@book{Hastie13,
title="The Elements of Statistical Learning. Data Mining, Inference and Prediction",
author="T. Hastie and R. Tibshirani and J. Friedman",
year="2013",
publisher="Springer Texts in Statistics"
}

@book{lantz23,
  title="Machine Learning with R",
  author="B. Lantz",
  year="2023",
  publisher="packt"
}


@book{Hastie23,
    author = "G. James and D. Witter and T. Hastie and R. Tibshirani",
    title = "An Introduction to Statistical Learning, with Applications in R",
    publisher = "Springer Texts in Statistics",
    year = "2023" 
}

@online{EU01,
    title = "European Commision, Financial literacy",
    url  = "https://finance.ec.europa.eu/publications/commission-and-oecd-infe-publish-joint-framework-adults-improve-individuals-financial-skills_en",
    year    = "2024",
    addendum = "(accessed: 24.12.2024)",
    keywords = "eu,regulation,financial,literacy"
}

@online{IEF01,
    title = "FINRA Investor Education Foundation ",
    url  = "https://finrafoundation.org/",
    year    = "2024",
    addendum = "(accessed: 24.12.2024)",
    keywords = "usa,financial,literacy"
    
}

@online{NFCS01,
    title = "FINRA Foundation National Financial Capability Study (NFCS)",
    url="https://finrafoundation.org/gauging-state-financial-capability-us",
    year    = "2024",
    addendum = "(accessed: 24.12.2024)",
    keywords = "usa,financial,literacy"
}

@online{R24,
    title = "The R Project for Statistical Computing",
    url = "https://www.r-project.org/",
    year = "2024",
     addendum = "(accessed: 26.12.2024)",
    keywords = "rlang,programming"
}

@online{OCDE01,
    title = " OCDE International Network on Financial Education ",
    url="https://www.oecd.org/en/networks/infe.html",
    year    = "2024",
    addendum = "(accessed: 26.12.2024)",
    keywords = "ocde,financial,literacy"
}

@article{Lusardi14,
    author  = "A. Lusardi and O.S. Mitchell",
    title   = "The economic importance of financial literacy: Theory and evidence",
    year    = "2014",
    journal = "Journal of Economic Literature",
    volume  = "55",
    number  = "1",
    pages   = "5--44",
    keywords  = "economics,development,financial,literacy"
}